<?xml version="1.0" encoding="UTF-8" ?>
<marc:record xmlns:marc="http://www.loc.gov/MARC21/slim">
<marc:leader>02050cas a2200373   4500</marc:leader>
<marc:controlfield tag="001">161690</marc:controlfield>

<marc:controlfield tag="008">890224s1867                        eng  </marc:controlfield>

<marc:datafield tag="035" ind1=" " ind2=" ">
<marc:subfield code="a">(Sirsi) 161690</marc:subfield>
</marc:datafield>

<marc:datafield tag="100" ind1="1" ind2=" ">
<marc:subfield code="a">Lyell, Charles,</marc:subfield>
<marc:subfield code="c">Sir,</marc:subfield>
<marc:subfield code="d">1797-1875.</marc:subfield>
</marc:datafield>

<marc:datafield tag="245" ind1="1" ind2="0">
<marc:subfield code="a">Principles of geology :</marc:subfield>
<marc:subfield code="b">or the modern changes of the earth and its inhabitants considered as illustrative of geology /</marc:subfield>
<marc:subfield code="c">by Sir Charles Lyell ... ; illustrated with maps, plates, and woodcuts</marc:subfield>
</marc:datafield>

<marc:datafield tag="250" ind1=" " ind2=" ">
<marc:subfield code="a">10th &amp; entirely rev. ed.</marc:subfield>
</marc:datafield>

<marc:datafield tag="260" ind1=" " ind2=" ">
<marc:subfield code="a">London :</marc:subfield>
<marc:subfield code="b">John Murray,</marc:subfield>
<marc:subfield code="c">1867-68.</marc:subfield>
</marc:datafield>

<marc:datafield tag="300" ind1=" " ind2=" ">
<marc:subfield code="a">2 v., 8 leaves of plates (1 folded) :</marc:subfield>
<marc:subfield code="b">ill., maps ;</marc:subfield>
<marc:subfield code="c">22 cm.</marc:subfield>
</marc:datafield>

<marc:datafield tag="504" ind1=" " ind2=" ">
<marc:subfield code="a">Contains references.</marc:subfield>
</marc:datafield>

<marc:datafield tag="590" ind1=" " ind2=" ">
<marc:subfield code="a">PALAEO 1Aa o LYE (Vol. 1) id: 64258-1002 contains a handwritten letter dictated by Charles Lyell, addressed to his sister Joanna, dated 26 May 1869.</marc:subfield>
</marc:datafield>

<marc:datafield tag="596" ind1=" " ind2=" ">
<marc:subfield code="a">3</marc:subfield>
</marc:datafield>

<marc:datafield tag="690" ind1=" " ind2=" ">
<marc:subfield code="a">Geology</marc:subfield>
</marc:datafield>

<marc:controlfield tag="001">Catkey 64258</marc:controlfield>

<marc:datafield tag="590" ind1="1" ind2=" ">
<marc:subfield code="a">Itemid 64258-10001</marc:subfield>
</marc:datafield>

<marc:datafield tag="590" ind1="1" ind2=" ">
<marc:subfield code="a">Itemid 64258-1001</marc:subfield>
</marc:datafield>

<marc:datafield tag="590" ind1="1" ind2=" ">
<marc:subfield code="a">Itemid 64258-2001</marc:subfield>
</marc:datafield>

<marc:datafield tag="590" ind1="1" ind2=" ">
<marc:subfield code="a">Itemid 64258-3001</marc:subfield>
</marc:datafield>

<marc:datafield tag="590" ind1="1" ind2=" ">
<marc:subfield code="a">Itemid 64258-4001</marc:subfield>
</marc:datafield>

<marc:datafield tag="590" ind1="1" ind2=" ">
<marc:subfield code="a">Itemid 64258-5001</marc:subfield>
</marc:datafield>

<marc:datafield tag="590" ind1="1" ind2=" ">
<marc:subfield code="a">Itemid 64258-6001</marc:subfield>
</marc:datafield>

<marc:datafield tag="590" ind1="1" ind2=" ">
<marc:subfield code="a">Itemid 64258-9001</marc:subfield>
</marc:datafield>

<marc:datafield tag="999" ind1=" " ind2=" ">
<marc:subfield code="a">SMALL LIBRARY SB 1Aa o LYE (Vol. 1)</marc:subfield>
<marc:subfield code="w">WOODWARD</marc:subfield>
<marc:subfield code="c">1</marc:subfield>
<marc:subfield code="i">64258-1001</marc:subfield>
<marc:subfield code="l">SHELVES</marc:subfield>
<marc:subfield code="m">PALAEO</marc:subfield>
<marc:subfield code="r">Y</marc:subfield>
<marc:subfield code="s">Y</marc:subfield>
<marc:subfield code="t">BOOK</marc:subfield>
<marc:subfield code="u">5/4/2001</marc:subfield>
<marc:subfield code="x">RARE</marc:subfield>
<marc:subfield code="z">OCTAVO</marc:subfield>
</marc:datafield>

<marc:datafield tag="999" ind1=" " ind2=" ">
<marc:subfield code="a">SMALL LIBRARY SB 1Aa o LYE (Vol. 2)</marc:subfield>
<marc:subfield code="w">WOODWARD</marc:subfield>
<marc:subfield code="c">1</marc:subfield>
<marc:subfield code="i">64258-2001</marc:subfield>
<marc:subfield code="l">SHELVES</marc:subfield>
<marc:subfield code="m">PALAEO</marc:subfield>
<marc:subfield code="r">Y</marc:subfield>
<marc:subfield code="s">Y</marc:subfield>
<marc:subfield code="t">BOOK</marc:subfield>
<marc:subfield code="u">5/4/2001</marc:subfield>
<marc:subfield code="x">RARE</marc:subfield>
<marc:subfield code="z">OCTAVO</marc:subfield>
</marc:datafield>

<marc:datafield tag="999" ind1=" " ind2=" ">
<marc:subfield code="a">SEWARD LIBRARY 259 (Vol. 1)</marc:subfield>
<marc:subfield code="w">ALPHANUM</marc:subfield>
<marc:subfield code="c">1</marc:subfield>
<marc:subfield code="i">64258-3001</marc:subfield>
<marc:subfield code="l">SHELVES</marc:subfield>
<marc:subfield code="m">PALAEO</marc:subfield>
<marc:subfield code="r">Y</marc:subfield>
<marc:subfield code="s">Y</marc:subfield>
<marc:subfield code="t">BOOK</marc:subfield>
<marc:subfield code="u">7/5/2001</marc:subfield>
<marc:subfield code="x">PLANTS</marc:subfield>
</marc:datafield>

<marc:datafield tag="999" ind1=" " ind2=" ">
<marc:subfield code="a">SEWARD LIBRARY 259A (Vol. 2)</marc:subfield>
<marc:subfield code="w">ALPHANUM</marc:subfield>
<marc:subfield code="c">1</marc:subfield>
<marc:subfield code="i">64258-4001</marc:subfield>
<marc:subfield code="l">SHELVES</marc:subfield>
<marc:subfield code="m">PALAEO</marc:subfield>
<marc:subfield code="r">Y</marc:subfield>
<marc:subfield code="s">Y</marc:subfield>
<marc:subfield code="t">BOOK</marc:subfield>
<marc:subfield code="u">7/5/2001</marc:subfield>
<marc:subfield code="x">PLANTS</marc:subfield>
</marc:datafield>

<marc:datafield tag="999" ind1=" " ind2=" ">
<marc:subfield code="a">COELENTERATES LYE (vol.2)</marc:subfield>
<marc:subfield code="w">ALPHABETIC</marc:subfield>
<marc:subfield code="c">1</marc:subfield>
<marc:subfield code="i">64258-5001</marc:subfield>
<marc:subfield code="l">SHELVES</marc:subfield>
<marc:subfield code="m">PALAEO</marc:subfield>
<marc:subfield code="r">Y</marc:subfield>
<marc:subfield code="s">Y</marc:subfield>
<marc:subfield code="t">BOOK</marc:subfield>
<marc:subfield code="u">5/4/2002</marc:subfield>
<marc:subfield code="x">COELENT</marc:subfield>
</marc:datafield>

<marc:datafield tag="999" ind1=" " ind2=" ">
<marc:subfield code="a">COELENTERATES LYE (vol. 1)</marc:subfield>
<marc:subfield code="w">ALPHABETIC</marc:subfield>
<marc:subfield code="c">1</marc:subfield>
<marc:subfield code="i">64258-6001</marc:subfield>
<marc:subfield code="l">SHELVES</marc:subfield>
<marc:subfield code="m">PALAEO</marc:subfield>
<marc:subfield code="r">Y</marc:subfield>
<marc:subfield code="s">Y</marc:subfield>
<marc:subfield code="t">BOOK</marc:subfield>
<marc:subfield code="u">5/4/2002</marc:subfield>
<marc:subfield code="x">COELENT</marc:subfield>
</marc:datafield>

<marc:datafield tag="999" ind1=" " ind2=" ">
<marc:subfield code="a">1Aa o LYE (Vol. 1)</marc:subfield>
<marc:subfield code="w">WOODWARD</marc:subfield>
<marc:subfield code="c">1</marc:subfield>
<marc:subfield code="i">64258-9001</marc:subfield>
<marc:subfield code="l">SHELVES</marc:subfield>
<marc:subfield code="m">PALAEO</marc:subfield>
<marc:subfield code="r">Y</marc:subfield>
<marc:subfield code="s">Y</marc:subfield>
<marc:subfield code="t">BOOK</marc:subfield>
<marc:subfield code="u">3/4/2007</marc:subfield>
<marc:subfield code="x">MAIN</marc:subfield>
<marc:subfield code="z">OCTAVO</marc:subfield>
</marc:datafield>

<marc:datafield tag="999" ind1=" " ind2=" ">
<marc:subfield code="a">1Aa o LYE (Vol. 2)</marc:subfield>
<marc:subfield code="w">WOODWARD</marc:subfield>
<marc:subfield code="c">1</marc:subfield>
<marc:subfield code="i">64258-10001</marc:subfield>
<marc:subfield code="l">SHELVES</marc:subfield>
<marc:subfield code="m">PALAEO</marc:subfield>
<marc:subfield code="r">Y</marc:subfield>
<marc:subfield code="s">Y</marc:subfield>
<marc:subfield code="t">BOOK</marc:subfield>
<marc:subfield code="u">3/4/2007</marc:subfield>
<marc:subfield code="x">MAIN</marc:subfield>
<marc:subfield code="z">OCTAVO</marc:subfield>
</marc:datafield>

</marc:record>